@book{aho1972theory,
    author  = {Alfred V. Aho and Jeffrey D. Ullman},
    title   = {The Theory of Parsing, Translation and Compiling},
    year    = "1972",
    volume  = "1",
    publisher = {Prentice-Hall},
    address = {Englewood Cliffs, NJ}
}

@inproceedings{andrew2007scalable,
  title={Scalable training of {L1}-regularized log-linear models},
  author={Andrew, Galen and Gao, Jianfeng},
  booktitle={Proceedings of the 24th International Conference on Machine Learning},
  pages={33--40},
  year={2007},
}

@article{Kastrati_studentfeedback,
    author = {Kastrati, Z., Dalipi, F., Imrar, A.S., Nuci, K.P., Wani, M.A.},
    title = {Sentiment Analysis of Studentsâ€™ Feedback with NLP and Deep Learning: A Systematic Mapping Study},
    journal = {Appl. Sci},
    year = {2021},

}

@article{Alaparthi_bert,
    author = {Alaparthi, S., Mishra, M.},
    title = {BERT: a sentiment analysis odyssey},
    journal ={Journal of Marketing Analytics} ,
    year = {2021}
}


@article{Susnjak_lyme,
    author = {Susnjak, T.},
    title = {Applying BERT and ChatGPT for Sentiment Analysis of Lyme Disease in Scientific Literature},
    journal = {Methods in Molecular Biology} ,
    year = {2024}
}

@article{Chakraborty_unlabeled,
    author = {Chakraborty, K., Bhattacharyya, S., Bag, R., Mrsic, L.},
    title = {Sentiment analysis on labeled and unlabeled datasets using BERT architecture},
    journal = {Soft Computing},
    year = {2023}
}

@article{Bhatnagar_drug,
    author = {Bhatnagar, R., Sardar, S., Beheshti, M., Podichetty, J.T.},
    title = {How can natural language processing help model informed drug development?: a review},
    journal = {JAMIA Open} ,
    year = {2022}
}

@inproceedings{pennington-etal-2014-glove,
    title = "{G}lo{V}e: Global Vectors for Word Representation",
    author = "Pennington, Jeffrey  and
      Socher, Richard  and
      Manning, Christopher",
    editor = "Moschitti, Alessandro  and
      Pang, Bo  and
      Daelemans, Walter",
    booktitle = "Proceedings of the 2014 Conference on Empirical Methods in Natural Language Processing ({EMNLP})",
    month = oct,
    year = "2014",
    address = "Doha, Qatar",
    publisher = "Association for Computational Linguistics",
    url = "https://aclanthology.org/D14-1162",
    doi = "10.3115/v1/D14-1162",
    pages = "1532--1543",
}
